@ARTICLE{Mnih2015-fy,
  title       = "Human-level control through deep reinforcement learning",
  author      = "Mnih, Volodymyr and et al.",
  affiliation = "Google DeepMind, 5 New Street Square, London EC4A 3TW, UK.
                 Google DeepMind, 5 New Street Square, London EC4A 3TW, UK.",
  journal     = "Nature",
  publisher   = "Nature Research",
  volume      =  518,
  number      =  7540,
  pages       = "529--533",
  month       =  "26~" # feb,
  year        =  2015,
  language    = "en"
}


@ARTICLE{Mnih2013-ts,
  title         = "Playing Atari with Deep Reinforcement Learning",
  author        = "Mnih, Volodymyr and et al.",
  month         =  "19~" # dec,
  year          =  2013,
  archivePrefix = "arXiv",
  primaryClass  = "cs.LG",
  eprint        = "1312.5602"
}


@ARTICLE{Bellemare2013-wj,
  title   = "The Arcade Learning Environment: An evaluation platform for
             general agents",
  author  = "Bellemare, Marc G and et al.",
  journal = "J. Artif. Intell. Res.",
  volume  =  47,
  pages   = "253--279",
  year    =  2013
}


@ARTICLE{Jaakkola1994-nc,
  title    = "On the Convergence of Stochastic Iterative Dynamic Programming
              Algorithms",
  author   = "Jaakkola, Tommi and Jordan, Michael I and Singh, Satinder P",
  journal  = "Neural Comput.",
  volume   =  6,
  number   =  6,
  pages    = "1185--1201",
  year     =  1994
}


@INPROCEEDINGS{Riedmiller2005-lk,
  title       = "Neural fitted {Q} iteration--first experiences with a data
                 efficient neural reinforcement learning method",
  booktitle   = "European Conference on Machine Learning",
  author      = "Riedmiller, Martin",
  pages       = "317--328",
  institution = "Springer",
  year        =  2005
}


@ARTICLE{Lillicrap2015-lh,
  title         = "Continuous control with deep reinforcement learning",
  author        = "Lillicrap, Timothy P and et al.",

  year          =  2015,
  archivePrefix = "arXiv",
  primaryClass  = "cs.LG",
  eprint        = "1509.02971"
}


@ARTICLE{Van_Hasselt2015-ry,
  title         = "Deep Reinforcement Learning with Double Q-learning",
  author        = "van Hasselt, Hado and Guez, Arthur and Silver, David",
  year          =  2015,
  archivePrefix = "arXiv",
  primaryClass  = "cs.LG",
  eprint        = "1509.06461"
}
