@BOOK{Goodfellow-et-al-2016,
	author = {Ian Goodfellow and Yoshua Bengio and Aaron Courville},
	title = {Deep Learning},
	year = {2016},
	publisher = {MIT Press},
    note = {\url{http://www.deeplearningbook.org}}
}

@ARTICLE{Snoek-et-al-2016,
	author = {Snoek J. and Larochelle H. and Adams R.P.},
	title = {Practical Bayesian optimization of machine learning algorithms.},
	year = {2012},
	journal = {NIPS 2012},

}

@ARTICLE{Bergstar-et-al-2011,
	author = {Bergstra J. and Bardenet R. and Bengio Y. and Kegl B.},
	title = {Algorithms for hyper-parameter optimization.},
	year = {2011},
	journal = {NIPS 2011},

}

@ARTICLE{Hutter-et-al-2011,
	author = {Hutter F. and Hoos H. and Layton-Brown K.},
	title = {Sequential model-based optimization for general algorithm configuration.},
	year = {2011},
	journal = {Lion-5 Extended version as UBC Tech report TR-2010-10.},

}

@article{DBLP:journals/corr/KingmaB14,
      author    = {Diederik P. Kingma and Jimmy Ba},
      title     = {Adam: {A} Method for Stochastic Optimization},
      journal   = {CoRR},
      volume    = {abs/1412.6980},
      year      = {2014},
      url       = {http://arxiv.org/abs/1412.6980},
      timestamp = {Thu, 01 Jan 2015 19:51:08 +0100},
      biburl    = {http://dblp.uni-trier.de/rec/bib/journals/corr/KingmaB14},
      bibsource = {dblp computer science bibliography, http://dblp.org}
}
